<?xml version="1.0" encoding="UTF-8"?><collection xmlns="http://www.loc.gov/MARC21/slim"><record><leader>00404nam--2200133-i-4500</leader><controlfield tag="001">000008571</controlfield><controlfield tag="002">20161230</controlfield><controlfield tag="005">20161230201027</controlfield><controlfield tag="008">060222s1000------------r-----000-0-eng-d</controlfield><datafield ind1=" " ind2=" " tag="080"><subfield code="a">003.62</subfield></datafield><datafield ind1=" " ind2=" " tag="100"><subfield code="a">Arnell, Alvin</subfield></datafield><datafield ind1=" " ind2=" " tag="245"><subfield code="a">Standard graphical symbols. a comprehensive guide for use in industry, engineering and science</subfield></datafield><datafield ind1=" " ind2=" " tag="260"><subfield code="a">New York, Mcgraww-hill Book, Co.Inc., 1963 X + 534 P</subfield></datafield><datafield ind1=" " ind2=" " tag="852"><subfield code="a">28955</subfield></datafield></record></collection>